<marc:record xmlns:marc="http://www.loc.gov/MARC21/slim" xmlns:xsi="http://www.w3.org/2001/XMLSchema-instance" xsi:schemaLocation="http://www.loc.gov/MARC21/slim http://www.loc.gov/standards/marcxml/schema/MARC21slim.xsd">
  <marc:leader>     cam a2200265 a 4500</marc:leader>
  <marc:controlfield tag="001">001179287</marc:controlfield>
  <marc:controlfield tag="003">NNU</marc:controlfield>
  <marc:controlfield tag="005">20061010172156.0</marc:controlfield>
  <marc:controlfield tag="008">900824q19501959le a          000 0 ara d</marc:controlfield>
  <marc:datafield tag="035" ind1="9" ind2=" ">
    <marc:subfield code="a">NYUb11528634</marc:subfield>
  </marc:datafield>
  <marc:datafield tag="035" ind1=" " ind2=" ">
    <marc:subfield code="a">(CStRLIN)NYUG90-B36036</marc:subfield>
  </marc:datafield>
  <marc:datafield tag="040" ind1=" " ind2=" ">
    <marc:subfield code="a">NN</marc:subfield>
    <marc:subfield code="c">NN</marc:subfield>
  </marc:datafield>
  <marc:datafield tag="066" ind1=" " ind2=" ">
    <marc:subfield code="c">(3</marc:subfield>
  </marc:datafield>
  <marc:datafield tag="090" ind1=" " ind2=" ">
    <marc:subfield code="a">BF1618.A7</marc:subfield>
    <marc:subfield code="b">I26 1950</marc:subfield>
  </marc:datafield>
  <marc:datafield tag="100" ind1="1" ind2=" ">
    <marc:subfield code="a">Ibn al-Ḥājj, Muḥammad ibn Muḥammad,</marc:subfield>
    <marc:subfield code="d">d. 1336</marc:subfield>
    <marc:subfield code="6">01</marc:subfield>
  </marc:datafield>
  <marc:datafield tag="100" ind1="1" ind2=" ">
    <marc:subfield code="6">01</marc:subfield>
    <marc:subfield code="a">ابن الحاج، محمد بن محمد.</marc:subfield>
  </marc:datafield>
  <marc:datafield tag="245" ind1="1" ind2="0">
    <marc:subfield code="6">02</marc:subfield>
    <marc:subfield code="a">Shumūs al-anwār wa-kunūz al-asrār al-kubrá /</marc:subfield>
    <marc:subfield code="c">taʼlīf Ibn al-Ḥājj al-Tilmisānī al-Maghribī.</marc:subfield>
  </marc:datafield>
  <marc:datafield tag="245" ind1="1" ind2="0">
    <marc:subfield code="6">02</marc:subfield>
    <marc:subfield code="a">شموس الأنوار وكنوز الأسرار الكبرى /</marc:subfield>
    <marc:subfield code="c">تأليف ابن الحاج التلمسانى المغربى.</marc:subfield>
  </marc:datafield>
  <marc:datafield tag="260" ind1=" " ind2=" ">
    <marc:subfield code="6">03</marc:subfield>
    <marc:subfield code="a">Bayrūt :bDār al-Jīl,</marc:subfield>
    <marc:subfield code="c">[195-]</marc:subfield>
  </marc:datafield>
  <marc:datafield tag="260" ind1=" " ind2=" ">
    <marc:subfield code="6">03</marc:subfield>
    <marc:subfield code="a">بيروت :</marc:subfield>
    <marc:subfield code="b">دار الجيل،</marc:subfield>
    <marc:subfield code="c">[-١٩٥]</marc:subfield>
  </marc:datafield>
  <marc:datafield tag="300" ind1=" " ind2=" ">
    <marc:subfield code="a">v. :</marc:subfield>
    <marc:subfield code="b">ill. ;</marc:subfield>
    <marc:subfield code="c">24 cm.</marc:subfield>
  </marc:datafield>
  <marc:datafield tag="500" ind1=" " ind2=" ">
    <marc:subfield code="a">In Arabic.</marc:subfield>
  </marc:datafield>
  <marc:datafield tag="650" ind1=" " ind2="0">
    <marc:subfield code="a">Islamic magic</marc:subfield>
    <marc:subfield code="v">Early works to 1800.</marc:subfield>
  </marc:datafield>
  <marc:datafield tag="650" ind1=" " ind2="0">
    <marc:subfield code="a">Alphabet</marc:subfield>
    <marc:subfield code="x">Religious aspects</marc:subfield>
    <marc:subfield code="x">Islam</marc:subfield>
    <marc:subfield code="v">Early works to 1800.</marc:subfield>
  </marc:datafield>
  <marc:datafield tag="650" ind1=" " ind2="0">
    <marc:subfield code="a">Occultism</marc:subfield>
    <marc:subfield code="x">Religious aspects</marc:subfield>
    <marc:subfield code="x">Islam</marc:subfield>
    <marc:subfield code="v">Early works to 1800.</marc:subfield>
  </marc:datafield>
  <marc:datafield tag="998" ind1=" " ind2=" ">
    <marc:subfield code="a">19961031</marc:subfield>
    <marc:subfield code="d">19900824</marc:subfield>
    <marc:subfield code="d">19961031</marc:subfield>
    <marc:subfield code="n">NNU</marc:subfield>
    <marc:subfield code="s">1</marc:subfield>
    <marc:subfield code="t">c</marc:subfield>
    <marc:subfield code="z">p</marc:subfield>
  </marc:datafield>
</marc:record>
